@book{cervantes1605,
  author    = {Cervantes, Miguel de},
  title     = {El ingenioso hidalgo Don Quijote de la Mancha},
  year      = {1605},
  publisher = {Francisco de Robles}
}

@manual{ur_rtde,
  title     = {UR RTDE: Real-Time Data Exchange Interface},
  author    = {Universal Robots},
  year      = {2022},
  note      = {Documentación técnica oficial},
  url       = {https://www.universal-robots.com},
  urldate   = {2025-05-22}
}

@manual{matlab_lstm,
  author    = {MathWorks},
  title     = {Train Long Short-Term Memory Networks},
  year      = {2023},
  url       = {https://www.mathworks.com/help/deeplearning/ug/train-long-short-term-memory-networks.html},
  urldate   = {2025-05-22}
}

@manual{wacom_manual,
  author    = {Wacom Co., Ltd.},
  title     = {Manual de usuario de la Wacom Intuos Pro},
  year      = {2021},
  note      = {Versión PDF consultada online},
  url       = {https://www.wacom.com},
  urldate   = {2025-05-22}
}


@online{matlab2023,
  author  = {MathWorks},
  title   = {MATLAB Documentation},
  year    = {2023},
  url     = {https://www.mathworks.com/help/matlab/},
  urldate = {2025-05-22}
}

@book{barrientos2014,
  author    = {Barrientos, Antonio and Alonso, José Luis and Aracil, Rafael and Balaguer, Carlos and del Cerro, Jaime},
  title     = {Fundamentos de Robótica},
  year      = {2014},
  publisher = {McGraw-Hill},
  edition   = {2},
}

@article{muller2007,
  author  = {M{\"u}ller, Meinard},
  title   = {Dynamic Time Warping},
  journal = {Information Retrieval for Music and Motion},
  publisher = {Springer},
  year    = {2007},
  pages   = {69--84},
  doi     = {10.1007/978-3-540-74048-3_4}
}


@manual{ur5manual,
  title        = {Manual de Usuario - UR5},
  year         = {2022},
  organization = {Universal Robots},
  url          = {https://www.universal-robots.com/download/manuals/},
  note         = {Consultado el 29 de mayo de 2025}
}

@online{researchgate,
  title        = {Universal Robot 5 (UR5): 3D model and corresponding kinematic model — Figure on ResearchGate},
  organization = {ResearchGate},
  url          = {https://www.researchgate.net/figure/Universal-Robot-5-UR5-left-3-D-model-right-Corresponding-kinematic-model_fig1_355352649},
  urldate      = {2025-09-15},
  note         = {Figura consultada en línea}
}

@misc{numpy,
  title        = {NumPy},
  howpublished = {\url{https://numpy.org/}},
  note         = {Accedido el 24 de septiembre de 2025}
}

@misc{pandas,
  title        = {Pandas},
  howpublished = {\url{https://pandas.pydata.org/}},
  note         = {Accedido el 24 de septiembre de 2025}
}

@misc{matplotlib,
  title        = {Matplotlib},
  howpublished = {\url{https://matplotlib.org/}},
  note         = {Accedido el 24 de septiembre de 2025}
}

@manual{iotp_manual,
  title        = {How to use IoT Paper},
  author       = {{Wacom Co., Ltd.}},
  year         = {2023},
  month        = {November},
  day          = {10},
  note         = {Versión de investigación. Documento de soporte para la tableta IoT Paper},
}

@manual{pycharm,
  title        = {PyCharm Community Edition 2021.2.3},
  author       = {{JetBrains s.r.o.}},
  year         = {2021},
  note         = {Entorno de desarrollo integrado para Python},
  url          = {https://www.jetbrains.com/pycharm/}
}

@manual{python,
  title        = {Python 3.12.0 Documentation},
  author       = {{Python Software Foundation}},
  year         = {2023},
  note         = {Lenguaje de programación interpretado de alto nivel},
  url          = {https://docs.python.org/3/}
}

@manual{arduinoIDE,
  title        = {Arduino IDE},
  author       = {{Arduino AG}},
  year         = {2023},
  note         = {Entorno de desarrollo oficial para placas Arduino},
  url          = {https://www.arduino.cc/en/software}
}
@manual{HandWritingCapture,
  title        = {HandWriting Capture V1.0},
  author       = {{Grup de Tractament del Senyal, Tecnocampus Mataró Maresme}},
  year         = {2010},
  note         = {Software para captura de datos con tableta Wacom Intuos Pro Large},
}
